@article{andrienko2012visual,
  title={Visual analytics of movement: An overview of methods, tools and procedures},
  author={Andrienko, Natalia and Andrienko, Gennady},
  journal={Information Visualization},
  pages={3--24},
  year={2012},
  publisher={Sage Publications}
}